@Book{xie2015,
  title = {Dynamic Documents with {R} and knitr},
  author = {Yihui Xie},
  publisher = {Chapman and Hall/CRC},
  address = {Boca Raton, Florida},
  year = {2015},
  edition = {2nd},
  note = {ISBN 978-1498716963},
  url = {http://yihui.name/knitr/},
}

@Book{casale2012,
  title = {Introducción a la Programación},
  author = {Juan Carlos Casale},
  publisher = {Fox Andina},
  address = {Buenos Aires},
  year = {2012},
  edition = {1ra},
  note = {ISBN 978-987-1857-69-2}
}

@Book{roberts2008,
  title = {The Art & Science of Java: An Introduction to Computer Science},
  author = {Eric Roberts},
  publisher = {Pearson Education},
  address = {Boston},
  year = {2008},
  edition = {1st},
  note = {ISBN 978-0-311-48612-7}
}

@Manual{erre2017,
  title        = {R: A Language and Environment for Statistical
                  Computing},
  author       = {{R Core Team}},
  organization = {R Foundation for Statistical Computing},
  address      = {Vienna, Austria},
  year         = 2017,
  url          = {https://www.R-project.org}
}

@Book{somolinos2010,
  title = {Fundamentos de Programación},
  author = {José Cerrada Somolinos, Manuel Collado Machuca},
  publisher = {Editorial Universitaria Ramón Areces},
  year = {2010},
  note = {ISBN 9788480049566}
}
